<record><leader>00000cas a22000007a 4500</leader><controlfield tag="001">11503251</controlfield><controlfield tag="008">841217d189u1893mtuwr ne      0    0eng d</controlfield><datafield ind1=" " ind2=" " tag="010"><subfield code="a">sn 84036297 </subfield></datafield><datafield ind1=" " ind2=" " tag="040"><subfield code="a">MTL</subfield><subfield code="b">eng</subfield><subfield code="c">MTL</subfield><subfield code="d">CNK</subfield><subfield code="d">OCLCQ</subfield></datafield><datafield ind1=" " ind2=" " tag="042"><subfield code="a">msc</subfield></datafield><datafield ind1="0" ind2="0" tag="245"><subfield code="a">Castle reporter.</subfield></datafield><datafield ind1=" " ind2=" " tag="260"><subfield code="a">Castle, Mont. :</subfield><subfield code="b">[s.n.]</subfield></datafield><datafield ind1=" " ind2=" " tag="300"><subfield code="a">v. :</subfield><subfield code="b">ill. ;</subfield><subfield code="c">54 cm.</subfield></datafield><datafield ind1=" " ind2=" " tag="310"><subfield code="a">Weekly</subfield></datafield><datafield ind1="1" ind2=" " tag="362"><subfield code="a">Ceased in Apr. 1893.</subfield><subfield code="z">Cf. Rocky Mountain husbandman (White Sulphur Springs, Mont.), Apr. 27, 1893.</subfield></datafield><datafield ind1=" " ind2=" " tag="500"><subfield code="a">"Official paper of Castle."</subfield></datafield><datafield ind1=" " ind2=" " tag="500"><subfield code="a">Editor: N.E. Benson.</subfield></datafield><datafield ind1=" " ind2=" " tag="588"><subfield code="a">Description based on: Vol. 3, no. 8 (Sept. 24, 1892).</subfield></datafield><datafield ind1=" " ind2=" " tag="752"><subfield code="a">United States</subfield><subfield code="b">Montana</subfield><subfield code="c">Meagher</subfield><subfield code="d">Castle.</subfield></datafield><datafield ind1="0" ind2="0" tag="780"><subfield code="t">Castle mining reporter</subfield><subfield code="w">(DLC)sn 84036296</subfield></datafield><datafield ind1="1" ind2=" " tag="029"><subfield code="a">AU@</subfield><subfield code="b">000025812290</subfield></datafield></record>